<?xml version="1.0" encoding="UTF-8"?><record xmlns="http://www.loc.gov/MARC21/slim" xmlns:cinclude="http://apache.org/cocoon/include/1.0" xmlns:zs="http://www.loc.gov/zing/srw/">
  <leader>00536nz  a2200145n  4500</leader>
  <controlfield tag="001">no2003078797</controlfield>
  <controlfield tag="003">DLC</controlfield>
  <controlfield tag="005">20030807052613.0</controlfield>
  <controlfield tag="008">030806n| acannaabn          |n aaa     c</controlfield>
  <datafield tag="010" ind1=" " ind2=" ">
    <subfield code="a">no2003078797</subfield>
  </datafield>
  <datafield tag="035" ind1=" " ind2=" ">
    <subfield code="a">(OCoLC)oca06120000</subfield>
  </datafield>
  <datafield tag="040" ind1=" " ind2=" ">
    <subfield code="a">IE</subfield>
    <subfield code="b">eng</subfield>
    <subfield code="c">IE</subfield>
  </datafield>
  <datafield tag="100" ind1="1" ind2=" ">
    <subfield code="a">Dabner, David</subfield>
  </datafield>
  <datafield tag="670" ind1=" " ind2=" ">
    <subfield code="a">How to understand and use design and layout, c2003:</subfield>
    <subfield code="b">t.p. (David Dabner)</subfield>
  </datafield>
  <datafield tag="670" ind1=" " ind2=" ">
    <subfield code="a">Publisher's website, viewed July 30, 2003:</subfield>
    <subfield code="b">(teaches at London College of Printing and is course director of the Higher National Diploma in Typographic Design)</subfield>
  </datafield>
</record>